@article{Huang2012,
author = {Huang, Eric H. and Socher, Richard and Manning, Christopher D. and Ng, Andrew Y.},
file = {:home/ehsan/.local/share/data/Mendeley Ltd./Mendeley Desktop/Downloaded/Huang et al. - 2012 - Improving word representations via global context and multiple word prototypes.pdf:pdf},
month = jul,
pages = {873--882},
publisher = {Association for Computational Linguistics},
title = {{Improving word representations via global context and multiple word prototypes}},
url = {http://dl.acm.org/citation.cfm?id=2390524.2390645},
year = {2012}
}
